<?xml version="1.0" encoding="UTF-8" standalone="no"?><searchRetrieveResponse xmlns="http://www.loc.gov/zing/srw/">
  <version>1.2</version>
  <numberOfRecords>11006</numberOfRecords>
  <records>
    <record>
      <recordSchema>marcxml</recordSchema>
      <recordPacking>xml</recordPacking>
      <recordData>
        <record xmlns="http://www.loc.gov/MARC21/slim">
          <leader>00708nam  2200217u  4500</leader>
          <controlfield tag="001">9917215510101471</controlfield>
          <controlfield tag="005">20210315145337.0</controlfield>
          <controlfield tag="008">960425s1996    xx |||| |     000|0 dut c</controlfield>
          <datafield ind1=" " ind2=" " tag="035">
            <subfield code="a">(BeLVLBS)001721551LBS01-Aleph</subfield>
          </datafield>
          <datafield ind1=" " ind2=" " tag="035">
            <subfield code="a">6457105</subfield>
          </datafield>
          <datafield ind1=" " ind2=" " tag="040">
            <subfield code="a">BeLVLBS</subfield>
            <subfield code="b">Language of cataloging varies</subfield>
            <subfield code="e">rda based</subfield>
          </datafield>
          <datafield ind1="0" ind2="0" tag="245">
            <subfield code="a">1,1-Dichloro-2,2,2-Trifluoroethane (HCFC-123)</subfield>
          </datafield>
          <datafield ind1=" " ind2=" " tag="260">
            <subfield code="a">Brussels</subfield>
            <subfield code="b">European centre for ecotoxicology and toxicology of chemicals</subfield>
            <subfield code="c">1996</subfield>
          </datafield>
          <datafield ind1=" " ind2=" " tag="300">
            <subfield code="a">55 p.: ill.</subfield>
          </datafield>
          <datafield ind1=" " ind2=" " tag="336">
            <subfield code="a">text</subfield>
            <subfield code="2">rdacontent</subfield>
          </datafield>
          <datafield ind1=" " ind2=" " tag="337">
            <subfield code="a">unmediated</subfield>
            <subfield code="2">rdamedia</subfield>
          </datafield>
          <datafield ind1=" " ind2=" " tag="338">
            <subfield code="a">volume</subfield>
            <subfield code="2">rdacarrier</subfield>
          </datafield>
          <datafield ind1="1" ind2=" " tag="490">
            <subfield code="a">ECETOC. JACC report</subfield>
            <subfield code="v">33</subfield>
          </datafield>
          <datafield ind1=" " ind2=" " tag="500">
            <subfield code="a">CAS No. 306-83-2</subfield>
          </datafield>
          <datafield ind1=" " ind2=" " tag="500">
            <subfield code="a">February 1996</subfield>
          </datafield>
          <datafield ind1=" " ind2=" " tag="998">
            <subfield code="a">LBS01</subfield>
            <subfield code="b">bib_200501.mrc.2.ar</subfield>
          </datafield>
        </record>
      </recordData>
      <recordIdentifier>9917215510101471</recordIdentifier>
      <recordPosition>1</recordPosition>
    </record>