
    <record>
      <recordSchema>marcxml</recordSchema>
      <recordPacking>xml</recordPacking>
      <recordData>
        <record xmlns="http://www.loc.gov/MARC21/slim">
          <leader>00748naa  2200241u  4500</leader>
          <controlfield tag="001">9987352450101471</controlfield>
          <controlfield tag="005">20120828144120.0</controlfield>
          <controlfield tag="008">120821s2007    xx |||| |     000|0 dut c</controlfield>
          <datafield ind1=" " ind2=" " tag="035">
            <subfield code="a">(BeLVLBS)008735245LBS01-Aleph</subfield>
          </datafield>
          <datafield ind1=" " ind2=" " tag="035">
            <subfield code="a">KHLART110909</subfield>
          </datafield>
          <datafield ind1=" " ind2=" " tag="040">
            <subfield code="a">BeLVLBS</subfield>
            <subfield code="b">Language of cataloging varies</subfield>
            <subfield code="e">rda based</subfield>
          </datafield>
          <datafield ind1="0" ind2="0" tag="245">
            <subfield code="a">1,2,3,. ....</subfield>
          </datafield>
          <datafield ind1=" " ind2=" " tag="336">
            <subfield code="a">text</subfield>
            <subfield code="2">rdacontent</subfield>
          </datafield>
          <datafield ind1=" " ind2=" " tag="337">
            <subfield code="a">unmediated</subfield>
            <subfield code="2">rdamedia</subfield>
          </datafield>
          <datafield ind1=" " ind2=" " tag="338">
            <subfield code="a">volume</subfield>
            <subfield code="2">rdacarrier</subfield>
          </datafield>
          <datafield ind1=" " ind2="6" tag="653">
            <subfield code="a">Articles</subfield>
          </datafield>
          <datafield ind1=" " ind2="7" tag="650">
            <subfield code="2">UCLL</subfield>
            <subfield code="a">Wiskundige initiatie: getallen</subfield>
            <subfield code="e">VT</subfield>
          </datafield>
          <datafield ind1="1" ind2=" " tag="700">
            <subfield code="a">Annette</subfield>
            <subfield code="4">ill</subfield>
          </datafield>
          <datafield ind1="0" ind2=" " tag="773">
            <subfield code="g">Jrg. 2007, nr. 8 (april 2007) ; p. 14</subfield>
          </datafield>
          <datafield ind1="1" ind2="8" tag="773">
            <subfield code="w">(BeLVLBS)001055162LBS01-Aleph</subfield>
            <subfield code="t">Doremi.</subfield>
            <subfield code="4">773</subfield>
          </datafield>
          <datafield ind1="1" ind2="8" tag="773">
            <subfield code="w">(BeLVLBS)001055162LBS01-Aleph</subfield>
            <subfield code="g">no:host</subfield>
          </datafield>
          <datafield ind1=" " ind2=" " tag="900">
            <subfield code="a">TO BE EXAMINED 05</subfield>
          </datafield>
          <datafield ind1=" " ind2=" " tag="996">
            <subfield code="a">KHLCH</subfield>
          </datafield>
        </record>
      </recordData>
      <recordIdentifier>9987352450101471</recordIdentifier>
      <recordPosition>3</recordPosition>
    </record>