
    <record>
      <recordSchema>marcxml</recordSchema>
      <recordPacking>xml</recordPacking>
      <recordData>
        <record xmlns="http://www.loc.gov/MARC21/slim">
          <leader>00961nam a2200301 u 4500</leader>
          <controlfield tag="001">9983473320101471</controlfield>
          <controlfield tag="005">20210317094124.0</controlfield>
          <controlfield tag="008">100326s2011    be            000 0 dut c</controlfield>
          <datafield ind1=" " ind2=" " tag="020">
            <subfield code="a">978-90-317-3361-3</subfield>
          </datafield>
          <datafield ind1=" " ind2=" " tag="035">
            <subfield code="a">(BeLVLBS)008347332LBS01-Aleph</subfield>
          </datafield>
          <datafield ind1=" " ind2=" " tag="040">
            <subfield code="a">BeLVLBS</subfield>
            <subfield code="b">Language of cataloging varies</subfield>
            <subfield code="e">rda based</subfield>
          </datafield>
          <datafield ind1="0" ind2="0" tag="245">
            <subfield code="a">1-2-3 aankleedboek</subfield>
            <subfield code="b">doe- en voelboek in 3 delen.</subfield>
          </datafield>
          <datafield ind1="1" ind2="1" tag="246">
            <subfield code="a">1-2-3 aankleedboek</subfield>
            <subfield code="b">doeboek en voelboek in 3 delen</subfield>
          </datafield>
          <datafield ind1=" " ind2=" " tag="260">
            <subfield code="a">Averbode</subfield>
            <subfield code="b">Averbode</subfield>
            <subfield code="c">2011</subfield>
          </datafield>
          <datafield ind1=" " ind2=" " tag="300">
            <subfield code="a">Ca. 20 p.</subfield>
            <subfield code="b">ill.</subfield>
          </datafield>
          <datafield ind1=" " ind2=" " tag="336">
            <subfield code="a">text</subfield>
            <subfield code="2">rdacontent</subfield>
          </datafield>
          <datafield ind1=" " ind2=" " tag="337">
            <subfield code="a">unmediated</subfield>
            <subfield code="2">rdamedia</subfield>
          </datafield>
          <datafield ind1=" " ind2=" " tag="338">
            <subfield code="a">volume</subfield>
            <subfield code="2">rdacarrier</subfield>
          </datafield>
          <datafield ind1="1" ind2=" " tag="490">
            <subfield code="a">Nellie &amp; Cezar</subfield>
          </datafield>
          <datafield ind1=" " ind2=" " tag="500">
            <subfield code="a">Flapjesboek</subfield>
          </datafield>
          <datafield ind1=" " ind2=" " tag="521">
            <subfield code="a">KO</subfield>
            <subfield code="b">1-2-3</subfield>
          </datafield>
          <datafield ind1="4" ind2=" " tag="521">
            <subfield code="a">Peuters</subfield>
          </datafield>
          <datafield ind1=" " ind2="7" tag="650">
            <subfield code="2">KADOC</subfield>
            <subfield code="a">C3</subfield>
            <subfield code="x">Kunst en cultuur</subfield>
            <subfield code="6">(ODIS-HT)</subfield>
          </datafield>
          <datafield ind1=" " ind2="7" tag="650">
            <subfield code="2">KADOC</subfield>
            <subfield code="a">kinderliteratuur</subfield>
            <subfield code="6">(ODIS-TW)1051</subfield>
          </datafield>
          <datafield ind1="1" ind2=" " tag="700">
            <subfield code="a">Godon, Ingrid</subfield>
            <subfield code="4">ill</subfield>
          </datafield>
          <datafield ind1="1" ind2=" " tag="700">
            <subfield code="a">Schutjes, Elena.</subfield>
            <subfield code="4">ccp</subfield>
          </datafield>
          <datafield ind1="1" ind2=" " tag="700">
            <subfield code="a">Jansen, Charlotte.</subfield>
            <subfield code="4">dsr</subfield>
          </datafield>
          <datafield ind1=" " ind2=" " tag="951">
            <subfield code="a">Kinderboeken fictie</subfield>
          </datafield>
        </record>
      </recordData>
      <recordIdentifier>9983473320101471</recordIdentifier>
      <recordPosition>4</recordPosition>
    </record>