
    <record>
      <recordSchema>marcxml</recordSchema>
      <recordPacking>xml</recordPacking>
      <recordData>
        <record xmlns="http://www.loc.gov/MARC21/slim">
          <leader>00907nam  2200277u  4500</leader>
          <controlfield tag="001">9986074890101471</controlfield>
          <controlfield tag="005">20210221223144.0</controlfield>
          <controlfield tag="008">120821s2006    xx |||| |m    000|0 dut c</controlfield>
          <datafield ind1=" " ind2=" " tag="035">
            <subfield code="a">(BeLVLBS)008607489LBS01-Aleph</subfield>
          </datafield>
          <datafield ind1=" " ind2=" " tag="035">
            <subfield code="a">KHL183248</subfield>
          </datafield>
          <datafield ind1=" " ind2=" " tag="040">
            <subfield code="a">BeLVLBS</subfield>
            <subfield code="b">Language of cataloging varies</subfield>
            <subfield code="e">rda based</subfield>
          </datafield>
          <datafield ind1="0" ind2="0" tag="245">
            <subfield code="a">1,2,3?</subfield>
            <subfield code="b">ACTIE : De impact van interculturele uitwisselingen op jongeren</subfield>
          </datafield>
          <datafield ind1=" " ind2=" " tag="260">
            <subfield code="a">Heverlee :</subfield>
            <subfield code="b">Sociale School Heverlee</subfield>
            <subfield code="c">2006</subfield>
          </datafield>
          <datafield ind1=" " ind2=" " tag="300">
            <subfield code="a">93 p.</subfield>
            <subfield code="c">30 cm</subfield>
          </datafield>
          <datafield ind1=" " ind2=" " tag="336">
            <subfield code="a">text</subfield>
            <subfield code="2">rdacontent</subfield>
          </datafield>
          <datafield ind1=" " ind2=" " tag="337">
            <subfield code="a">unmediated</subfield>
            <subfield code="2">rdamedia</subfield>
          </datafield>
          <datafield ind1=" " ind2=" " tag="338">
            <subfield code="a">volume</subfield>
            <subfield code="2">rdacarrier</subfield>
          </datafield>
          <datafield ind1=" " ind2=" " tag="502">
            <subfield code="a">Afstudeeroptie: SCW SSH 2006</subfield>
          </datafield>
          <datafield ind1=" " ind2=" " tag="502">
            <subfield code="a">voldoening</subfield>
          </datafield>
          <datafield ind1=" " ind2="6" tag="653">
            <subfield code="a">Theses</subfield>
          </datafield>
          <datafield ind1=" " ind2="7" tag="650">
            <subfield code="2">UCLL</subfield>
            <subfield code="a">jeugdwerk</subfield>
            <subfield code="x">362.8</subfield>
            <subfield code="e">TSS</subfield>
          </datafield>
          <datafield ind1=" " ind2="7" tag="650">
            <subfield code="2">UCLL</subfield>
            <subfield code="a">vrijwilligerswerk</subfield>
            <subfield code="x">367</subfield>
            <subfield code="e">TSS</subfield>
          </datafield>
          <datafield ind1=" " ind2="7" tag="650">
            <subfield code="2">UCLL</subfield>
            <subfield code="a">mondiale vorming</subfield>
            <subfield code="x">374</subfield>
            <subfield code="e">TSS</subfield>
          </datafield>
          <datafield ind1=" " ind2="7" tag="650">
            <subfield code="2">UCLL</subfield>
            <subfield code="a">Bouworde, Leuven</subfield>
            <subfield code="e">TSS</subfield>
          </datafield>
          <datafield ind1="1" ind2=" " tag="700">
            <subfield code="a">Ravoet, Carmen</subfield>
            <subfield code="4">aut</subfield>
          </datafield>
          <datafield ind1=" " ind2=" " tag="900">
            <subfield code="a">TO BE EXAMINED 04</subfield>
          </datafield>
        </record>
      </recordData>
      <recordIdentifier>9986074890101471</recordIdentifier>
      <recordPosition>5</recordPosition>
    </record>