
    <record>
      <recordSchema>marcxml</recordSchema>
      <recordPacking>xml</recordPacking>
      <recordData>
        <record xmlns="http://www.loc.gov/MARC21/slim">
          <leader>00851nam  2200253u  4500</leader>
          <controlfield tag="001">995862120101471</controlfield>
          <controlfield tag="005">20210317015128.0</controlfield>
          <controlfield tag="008">850320s1956    xx |||| |     000|0 eng c</controlfield>
          <datafield ind1=" " ind2=" " tag="010">
            <subfield code="a">56-10821</subfield>
          </datafield>
          <datafield ind1=" " ind2=" " tag="035">
            <subfield code="a">(BeLVLBS)000586212LBS01-Aleph</subfield>
          </datafield>
          <datafield ind1=" " ind2=" " tag="035">
            <subfield code="a">1383278</subfield>
          </datafield>
          <datafield ind1=" " ind2=" " tag="040">
            <subfield code="a">BeLVLBS</subfield>
            <subfield code="b">Language of cataloging varies</subfield>
            <subfield code="e">rda based</subfield>
          </datafield>
          <datafield ind1="0" ind2="4" tag="245">
            <subfield code="a">The 1,2,3- and 1,2,4-triazines, tetrazines and pentazines</subfield>
          </datafield>
          <datafield ind1=" " ind2=" " tag="260">
            <subfield code="a">New York (N.Y.):</subfield>
            <subfield code="b">Interscience</subfield>
            <subfield code="c">1956</subfield>
          </datafield>
          <datafield ind1=" " ind2=" " tag="300">
            <subfield code="a">XI, 261 p.</subfield>
          </datafield>
          <datafield ind1=" " ind2=" " tag="336">
            <subfield code="a">text</subfield>
            <subfield code="2">rdacontent</subfield>
          </datafield>
          <datafield ind1=" " ind2=" " tag="337">
            <subfield code="a">unmediated</subfield>
            <subfield code="2">rdamedia</subfield>
          </datafield>
          <datafield ind1=" " ind2=" " tag="338">
            <subfield code="a">volume</subfield>
            <subfield code="2">rdacarrier</subfield>
          </datafield>
          <datafield ind1="1" ind2=" " tag="490">
            <subfield code="a">The chemistry of heterocyclic compounds</subfield>
            <subfield code="v">10</subfield>
          </datafield>
          <datafield ind1=" " ind2="7" tag="650">
            <subfield code="2">UDC</subfield>
            <subfield code="a">547.85</subfield>
            <subfield code="z">Azines in general. Pyridazine and pyrimidine group</subfield>
          </datafield>
          <datafield ind1="1" ind2=" " tag="700">
            <subfield code="a">Erickson, John G.</subfield>
            <subfield code="4">aut</subfield>
          </datafield>
          <datafield ind1="1" ind2=" " tag="700">
            <subfield code="a">Wiley, Paul F.</subfield>
            <subfield code="4">aut</subfield>
          </datafield>
          <datafield ind1="1" ind2=" " tag="700">
            <subfield code="a">Wystrach, V. P.</subfield>
            <subfield code="4">aut</subfield>
          </datafield>
          <datafield ind1=" " ind2=" " tag="998">
            <subfield code="a">LBS01</subfield>
            <subfield code="b">bib_200501.mrc.2.af</subfield>
          </datafield>
        </record>
      </recordData>
      <recordIdentifier>995862120101471</recordIdentifier>
      <recordPosition>6</recordPosition>
    </record>