
    <record>
      <recordSchema>marcxml</recordSchema>
      <recordPacking>xml</recordPacking>
      <recordData>
        <record xmlns="http://www.loc.gov/MARC21/slim">
          <leader>01469nam a2200457 a 4500</leader>
          <controlfield tag="001">9983908000101471</controlfield>
          <controlfield tag="005">20150625113651.0</controlfield>
          <controlfield tag="008">120119s2011    be            000 0 dut d</controlfield>
          <datafield ind1=" " ind2=" " tag="020">
            <subfield code="a">9789059084063</subfield>
          </datafield>
          <datafield ind1=" " ind2=" " tag="035">
            <subfield code="a">(BeLVLBS)008390800LBS01-Aleph</subfield>
          </datafield>
          <datafield ind1="0" ind2="0" tag="245">
            <subfield code="a">1-2-3 ... Bijna!</subfield>
            <subfield code="b">Doe-versjes en -liedjes voor kleuters.</subfield>
          </datafield>
          <datafield ind1=" " ind2=" " tag="260">
            <subfield code="a">Leuven</subfield>
            <subfield code="b">Davidsfonds/Infodok,</subfield>
            <subfield code="c">2011.</subfield>
          </datafield>
          <datafield ind1=" " ind2=" " tag="300">
            <subfield code="a">47 p.</subfield>
            <subfield code="b">ill.</subfield>
            <subfield code="e">cd</subfield>
          </datafield>
          <datafield ind1=" " ind2=" " tag="336">
            <subfield code="a">text</subfield>
            <subfield code="2">rdacontent</subfield>
          </datafield>
          <datafield ind1=" " ind2=" " tag="337">
            <subfield code="a">unmediated</subfield>
            <subfield code="2">rdamedia</subfield>
          </datafield>
          <datafield ind1=" " ind2=" " tag="338">
            <subfield code="a">volume</subfield>
            <subfield code="2">rdacarrier</subfield>
          </datafield>
          <datafield ind1="0" ind2=" " tag="505">
            <subfield code="a">(W)onderbroekjes aan de wasdraad</subfield>
          </datafield>
          <datafield ind1="0" ind2=" " tag="505">
            <subfield code="a">De pianomuis</subfield>
          </datafield>
          <datafield ind1="0" ind2=" " tag="505">
            <subfield code="a">Alles</subfield>
          </datafield>
          <datafield ind1="0" ind2=" " tag="505">
            <subfield code="a">Tandpoetspasta</subfield>
          </datafield>
          <datafield ind1="0" ind2=" " tag="505">
            <subfield code="a">Knopen knopen</subfield>
          </datafield>
          <datafield ind1="0" ind2=" " tag="505">
            <subfield code="a">Is wit een kleur?</subfield>
          </datafield>
          <datafield ind1="0" ind2=" " tag="505">
            <subfield code="a">De teddypeer</subfield>
          </datafield>
          <datafield ind1="0" ind2=" " tag="505">
            <subfield code="a">Dat kan tellen</subfield>
          </datafield>
          <datafield ind1="0" ind2=" " tag="505">
            <subfield code="a">De dommedaris</subfield>
          </datafield>
          <datafield ind1="0" ind2=" " tag="505">
            <subfield code="a">Links/rechts</subfield>
          </datafield>
          <datafield ind1="0" ind2=" " tag="505">
            <subfield code="a">2 handen met 10 vingers</subfield>
          </datafield>
          <datafield ind1="0" ind2=" " tag="505">
            <subfield code="a">Wiegeliedje voor Jelle</subfield>
          </datafield>
          <datafield ind1=" " ind2="6" tag="653">
            <subfield code="a">Contains audio-visual material</subfield>
          </datafield>
          <datafield ind1=" " ind2="7" tag="650">
            <subfield code="2">KAHO</subfield>
            <subfield code="a">830.1 ) Nederlandse gedichten</subfield>
            <subfield code="e">rubriek</subfield>
            <subfield code="4">KHAAL</subfield>
          </datafield>
          <datafield ind1=" " ind2="7" tag="650">
            <subfield code="2">KAHO</subfield>
            <subfield code="a">doe-versjes</subfield>
            <subfield code="4">KHAAL</subfield>
          </datafield>
          <datafield ind1=" " ind2="7" tag="650">
            <subfield code="2">KAHO</subfield>
            <subfield code="a">doe-liedjes</subfield>
            <subfield code="4">KHAAL</subfield>
          </datafield>
          <datafield ind1=" " ind2="7" tag="650">
            <subfield code="2">KAHO</subfield>
            <subfield code="a">kleuters</subfield>
            <subfield code="e">trefwoord</subfield>
            <subfield code="4">KHAAL</subfield>
          </datafield>
          <datafield ind1=" " ind2="7" tag="650">
            <subfield code="2">KAHO</subfield>
            <subfield code="a">kinderpoëzie</subfield>
            <subfield code="e">trefwoord</subfield>
            <subfield code="4">KHAAL</subfield>
          </datafield>
          <datafield ind1=" " ind2="7" tag="650">
            <subfield code="2">KAHO</subfield>
            <subfield code="a">gedichten</subfield>
            <subfield code="e">trefwoord</subfield>
            <subfield code="4">KHAAL</subfield>
          </datafield>
          <datafield ind1=" " ind2="7" tag="650">
            <subfield code="2">KAHO</subfield>
            <subfield code="a">liedjes</subfield>
            <subfield code="e">trefwoord</subfield>
            <subfield code="4">KHAAL</subfield>
          </datafield>
          <datafield ind1=" " ind2="7" tag="650">
            <subfield code="2">KAHO</subfield>
            <subfield code="a">vaardigheden</subfield>
            <subfield code="e">trefwoord</subfield>
            <subfield code="4">KHAAL</subfield>
          </datafield>
          <datafield ind1=" " ind2="7" tag="650">
            <subfield code="2">KHK</subfield>
            <subfield code="a">Versjes 3+</subfield>
            <subfield code="4">KHKV</subfield>
            <subfield code="9">VTR</subfield>
          </datafield>
          <datafield ind1="1" ind2=" " tag="700">
            <subfield code="a">Jacobs, Karin</subfield>
            <subfield code="4">aut</subfield>
          </datafield>
          <datafield ind1="1" ind2=" " tag="700">
            <subfield code="a">Cleymans, Jelle</subfield>
            <subfield code="4">mus</subfield>
          </datafield>
          <datafield ind1="1" ind2=" " tag="700">
            <subfield code="a">Steeman, Frow</subfield>
            <subfield code="4">ill</subfield>
          </datafield>
        </record>
      </recordData>
      <recordIdentifier>9983908000101471</recordIdentifier>
      <recordPosition>7</recordPosition>
    </record>