
    <record>
      <recordSchema>marcxml</recordSchema>
      <recordPacking>xml</recordPacking>
      <recordData>
        <record xmlns="http://www.loc.gov/MARC21/slim">
          <leader>00920nam a2200277 u 4500</leader>
          <controlfield tag="001">9988227420101471</controlfield>
          <controlfield tag="005">20210316165925.0</controlfield>
          <controlfield tag="008">121022s2011    be      |     000 0 dut c</controlfield>
          <datafield ind1=" " ind2=" " tag="020">
            <subfield code="a">978-90-5908-406-3</subfield>
          </datafield>
          <datafield ind1=" " ind2=" " tag="035">
            <subfield code="a">(BeLVLBS)008822742LBS01-Aleph</subfield>
          </datafield>
          <datafield ind1=" " ind2=" " tag="040">
            <subfield code="a">BeLVLBS</subfield>
            <subfield code="b">Language of cataloging varies</subfield>
            <subfield code="e">rda based</subfield>
          </datafield>
          <datafield ind1="0" ind2="0" tag="245">
            <subfield code="a">1-2-3... bijna!</subfield>
            <subfield code="b">doe-versjes en -liedjes voor kleuters.</subfield>
          </datafield>
          <datafield ind1=" " ind2=" " tag="260">
            <subfield code="a">Leuven</subfield>
            <subfield code="b">Davidsfonds/Infodok</subfield>
            <subfield code="c">2011</subfield>
          </datafield>
          <datafield ind1=" " ind2=" " tag="300">
            <subfield code="a">47 p.</subfield>
            <subfield code="b">ill.</subfield>
            <subfield code="e">CD</subfield>
          </datafield>
          <datafield ind1=" " ind2=" " tag="336">
            <subfield code="a">text</subfield>
            <subfield code="2">rdacontent</subfield>
          </datafield>
          <datafield ind1=" " ind2=" " tag="337">
            <subfield code="a">unmediated</subfield>
            <subfield code="2">rdamedia</subfield>
          </datafield>
          <datafield ind1=" " ind2=" " tag="338">
            <subfield code="a">volume</subfield>
            <subfield code="2">rdacarrier</subfield>
          </datafield>
          <datafield ind1=" " ind2="7" tag="650">
            <subfield code="2">KADOC</subfield>
            <subfield code="a">C3</subfield>
            <subfield code="x">Kunst en cultuur</subfield>
            <subfield code="6">(ODIS-HT)</subfield>
          </datafield>
          <datafield ind1=" " ind2="7" tag="650">
            <subfield code="2">KADOC</subfield>
            <subfield code="a">kinderliteratuur</subfield>
            <subfield code="6">(ODIS-TW)1051</subfield>
          </datafield>
          <datafield ind1=" " ind2="7" tag="650">
            <subfield code="2">KADOC</subfield>
            <subfield code="a">kleuters (x)</subfield>
          </datafield>
          <datafield ind1=" " ind2="7" tag="650">
            <subfield code="2">KADOC</subfield>
            <subfield code="a">liedboek</subfield>
            <subfield code="6">(ODIS-GEN)</subfield>
          </datafield>
          <datafield ind1=" " ind2="7" tag="650">
            <subfield code="2">KADOC</subfield>
            <subfield code="a">poëzie</subfield>
            <subfield code="6">(ODIS-TW)1607</subfield>
          </datafield>
          <datafield ind1="1" ind2=" " tag="700">
            <subfield code="a">Jacobs, Karin</subfield>
            <subfield code="4">aut</subfield>
          </datafield>
          <datafield ind1="1" ind2=" " tag="700">
            <subfield code="a">Cleymans, Jelle</subfield>
            <subfield code="4">aut</subfield>
          </datafield>
          <datafield ind1="1" ind2=" " tag="700">
            <subfield code="a">Steeman, Frow</subfield>
            <subfield code="4">ill</subfield>
          </datafield>
          <datafield ind1="1" ind2=" " tag="700">
            <subfield code="a">Luijten, Bart</subfield>
            <subfield code="4">dsr</subfield>
          </datafield>
        </record>
      </recordData>
      <recordIdentifier>9988227420101471</recordIdentifier>
      <recordPosition>8</recordPosition>
    </record>