
    <record>
      <recordSchema>marcxml</recordSchema>
      <recordPacking>xml</recordPacking>
      <recordData>
        <record xmlns="http://www.loc.gov/MARC21/slim">
          <leader>03268nam a2200421 u 4500</leader>
          <controlfield tag="001">9991738760101471</controlfield>
          <controlfield tag="005">20210221224222.0</controlfield>
          <controlfield tag="008">140411s2011    be      om          dut c</controlfield>
          <datafield ind1=" " ind2=" " tag="035">
            <subfield code="a">(BeLVLBS)009173876LBS01-Aleph</subfield>
          </datafield>
          <datafield ind1=" " ind2=" " tag="035">
            <subfield code="a">ETD-TM/FiSeff8080812ce0163b012d139dfcc1003e</subfield>
          </datafield>
          <datafield ind1=" " ind2=" " tag="037">
            <subfield code="b">DoKS</subfield>
          </datafield>
          <datafield ind1=" " ind2=" " tag="040">
            <subfield code="a">BeLVLBS</subfield>
            <subfield code="b">Language of cataloging varies</subfield>
            <subfield code="e">rda based</subfield>
          </datafield>
          <datafield ind1="0" ind2="0" tag="245">
            <subfield code="a">1, 2, 3 Blub!</subfield>
            <subfield code="b">Getalbegrip stimuleren: een zintuiglijke aanpak binnen het thema onderwaterwereld voor vier- en vijfjarigen</subfield>
          </datafield>
          <datafield ind1=" " ind2=" " tag="260">
            <subfield code="a">Vorselaar</subfield>
            <subfield code="b">Katholieke Hogeschool Kempen</subfield>
            <subfield code="c">2011</subfield>
          </datafield>
          <datafield ind1=" " ind2=" " tag="300">
            <subfield code="a">3 bestanden</subfield>
          </datafield>
          <datafield ind1=" " ind2=" " tag="336">
            <subfield code="a">text</subfield>
            <subfield code="2">rdacontent</subfield>
          </datafield>
          <datafield ind1=" " ind2=" " tag="337">
            <subfield code="a">computer</subfield>
            <subfield code="2">rdamedia</subfield>
          </datafield>
          <datafield ind1=" " ind2=" " tag="338">
            <subfield code="a">online resource</subfield>
            <subfield code="2">rdacarrier</subfield>
          </datafield>
          <datafield ind1=" " ind2=" " tag="340">
            <subfield code="a">Online</subfield>
          </datafield>
          <datafield ind1="3" ind2=" " tag="520">
            <subfield code="a">Wij hebben een project uitgewerkt waarbij de focus ligt op het zintuiglijk omgaan met getallen. Voor het theoretisch gedeelte zijn we gaan grasduinen in boeken en artikels. In het begin hebben we onderzocht wat getalbegrip bij kleuters precies is. Een kind bezit getalbegrip als het alle rekenvoorwaarden kent. Deze rekenvoorwaarden zijn: inzicht in seriëren, classificeren, één- één relatie, conservatie en tellen. We stelden ons de vraag wat getallen nu net zijn. Een getal is een abstract begrip dat in het hoofd van de mens zit, het gemeenschappelijke aan groepjes van evenveel. Getallen kan je concreet voorstellen en op deze manier kunnen kinderen hoeveelheden op een zintuiglijke manier ervaren. Volgens Piaget ontstaat het denkproces bij kinderen door omgaan met de dingen en niet enkel door waarnemen en aanhoren van talige informatie. In de uitwerking van 1,2,3 Blub! willen we de zintuigen optimaal inzetten en proberen we tegemoet te komen aan individuele verschillen in het leren van kleuters. Wij vonden onze inspiratie bij Henk Witteman en Kolb. Henk Witteman heeft volgende perceptuele stijlen beschreven namelijk: de visuele, auditieve, kinetische en olfactorische. Kolb heeft het over vier leerstijlen namelijk doener, dromer, denker en beslisser. Wij kozen voor de doener en de dromer omdat deze twee leerstijlen het beste aansluiten in de kleuterklas. De categorieën zien/horen/voelen en dromen/doen met getallen vormden het uitgangspunt om gevarieerde praktijkideeën voor getalbegrip te ontwerpen binnen het thema onderwaterwereld voor vier- en vijfjarigen. In het eindwerk vind je lesfiches terug waarin deze praktijkideeën uitgewerkt zijn.</subfield>
          </datafield>
          <datafield ind1=" " ind2=" " tag="502">
            <subfield code="a">Bachelor in onderwijs: kleuteronderwijs</subfield>
          </datafield>
          <datafield ind1=" " ind2="6" tag="653">
            <subfield code="a">Theses</subfield>
          </datafield>
          <datafield ind1="1" ind2=" " tag="700">
            <subfield code="a">Sas, Evy</subfield>
            <subfield code="4">aut</subfield>
          </datafield>
          <datafield ind1="1" ind2=" " tag="700">
            <subfield code="a">Nietvelt, Carolien</subfield>
            <subfield code="4">aut</subfield>
          </datafield>
          <datafield ind1="2" ind2=" " tag="710">
            <subfield code="a">Katholieke Hogeschool Kempen. Departement Lerarenopleiding Vorselaar</subfield>
            <subfield code="4">dgg</subfield>
          </datafield>
          <datafield ind1=" " ind2=" " tag="900">
            <subfield code="a">NO SFX LINK</subfield>
          </datafield>
          <datafield ind1=" " ind2=" " tag="992">
            <subfield code="a">Type:</subfield>
            <subfield code="b">Electronic Thesis or Dissertation</subfield>
          </datafield>
          <datafield ind1=" " ind2=" " tag="992">
            <subfield code="a">Status:</subfield>
            <subfield code="b">PUBLISHED</subfield>
          </datafield>
          <datafield ind1=" " ind2=" " tag="992">
            <subfield code="a">Interne begeleider:</subfield>
            <subfield code="b">Astrid Cornelis</subfield>
          </datafield>
          <datafield ind1=" " ind2=" " tag="992">
            <subfield code="a">Externe begeleider:</subfield>
            <subfield code="b">Mieke Thijs, Mandy Hendrickx, An Lemmens en Kristel Engelen</subfield>
          </datafield>
          <datafield ind1=" " ind2=" " tag="992">
            <subfield code="a">Eindwerknummer:</subfield>
            <subfield code="b">201110007</subfield>
          </datafield>
          <datafield ind1=" " ind2=" " tag="992">
            <subfield code="a">Studie code:</subfield>
            <subfield code="b">DBAKO</subfield>
          </datafield>
          <datafield ind1=" " ind2=" " tag="992">
            <subfield code="a">Embargo:</subfield>
            <subfield code="b">false</subfield>
          </datafield>
          <datafield ind1=" " ind2=" " tag="992">
            <subfield code="a">DoKS embargo:</subfield>
            <subfield code="b">No embargo</subfield>
          </datafield>
          <datafield ind1=" " ind2=" " tag="992">
            <subfield code="a">Auteursovereenkomst:</subfield>
            <subfield code="b">ACCEPTED</subfield>
          </datafield>
          <datafield ind1=" " ind2=" " tag="992">
            <subfield code="a">Stageplaats:</subfield>
            <subfield code="b">Sint-Pietersinstituut Zevendonk en Sint-Pietersinstituut Turnhout</subfield>
          </datafield>
          <datafield ind1=" " ind2=" " tag="992">
            <subfield code="a">Studentennummers:</subfield>
            <subfield code="b">s5055541 s5054412</subfield>
          </datafield>
          <datafield ind1=" " ind2=" " tag="994">
            <subfield code="a">EKHK</subfield>
            <subfield code="e">201404</subfield>
          </datafield>
        </record>
      </recordData>
      <recordIdentifier>9991738760101471</recordIdentifier>
      <recordPosition>9</recordPosition>
    </record>